@article{hui2003using,
  title={Using genetic programming to perform time-series forecasting of stock prices},
  author={Hui, Anthony},
  journal={Genetic Algorithms and Genetic Programming at Stanford},
  pages={83--90},
  year={2003}
}

@book{koza1992genetic,
  title={Genetic programming: on the programming of computers by means of natural selection},
  author={Koza, John R and Koza, John R},
  volume={1},
  year={1992},
  publisher={MIT press}
}

@article{luke2006ecj,
  title={Ecj: A java-based evolutionary computation research system},
  author={Luke, Sean and Panait, Liviu and Balan, Gabriel and Paus, Sean and Skolicki, Zbigniew and Bassett, Jeff and Hubley, Robert and Chircop, A},
  journal={Downloadable versions and documentation can be found at the following url: http://cs. gmu. edu/eclab/projects/ecj},
  volume={880},
  year={2006}
}

@article{miller1995genetic,
  title={Genetic algorithms, tournament selection, and the effects of noise},
  author={Miller, Brad L and Goldberg, David E and others},
  journal={Complex systems},
  volume={9},
  number={3},
  pages={193--212},
  year={1995},
  publisher={[Champaign, IL, USA: Complex Systems Publications, Inc., c1987-}
}

@book{banzhaf1998genetic,
  title={Genetic programming},
  author={Banzhaf, Wolfgang and Nordin, Peter and Keller, Robert E and Francone, Frank D},
  year={1998},
  publisher={Springer}
}

@incollection{koza2005genetic,
  title={Genetic programming},
  author={Koza, John R and Poli, Riccardo},
  booktitle={Search methodologies},
  pages={127--164},
  year={2005},
  publisher={Springer}
}

@incollection{de2005genetic,
  title={A genetic programming system for time series prediction and its application to El Ni{\~n}o forecast},
  author={De Falco, I and Della Cioppa, A and Tarantino, E},
  booktitle={Soft Computing: Methodologies and Applications},
  pages={151--162},
  year={2005},
  publisher={Springer}
}